% CFT general introduction

@article{2019,
   title={The conformal bootstrap: Theory, numerical techniques, and applications},
   volume={91},
   ISSN={1539-0756},
   url={http://dx.doi.org/10.1103/RevModPhys.91.015002},
   DOI={10.1103/revmodphys.91.015002},
   number={1},
   journal={Reviews of Modern Physics},
   publisher={American Physical Society (APS)},
   author={Poland, David and Rychkov, Slava and Vichi, Alessandro},
   year={2019},
   month={Jan} }

@article{Poland_2016,
	doi = {10.1038/nphys3761},
	url = {https://doi.org/10.1038%2Fnphys3761},
	year = 2016,
	month = {jun},
	publisher = {Springer Science and Business Media {LLC}},
	volume = {12},
	number = {6},
	pages = {535--539},
	author = {David Poland and David Simmons-Duffin},
	title = {The conformal bootstrap},
	journal = {Nature Physics}
}

% Why CFT fails in more general problems

@article{2012converge,
   title={The Operator Product Expansion Converges in Perturbative Field Theory},
   volume={313},
   ISSN={1432-0916},
   url={http://dx.doi.org/10.1007/s00220-012-1457-4},
   DOI={10.1007/s00220-012-1457-4},
   number={1},
   journal={Communications in Mathematical Physics},
   publisher={Springer Science and Business Media LLC},
   author={Hollands, Stefan and Kopper, Christoph},
   year={2012},
   month={Mar},
   pages={257â€“290} }


% Numerical approaches general introduction

@article{han_matrix,
   title={Bootstrapping Matrix Quantum Mechanics},
   volume={125},
   ISSN={1079-7114},
   url={http://dx.doi.org/10.1103/PhysRevLett.125.041601},
   DOI={10.1103/physrevlett.125.041601},
   number={4},
   journal={Physical Review Letters},
   publisher={American Physical Society (APS)},
   author={Han, Xizhi and Hartnoll, Sean A. and Kruthoff, Jorrit},
   year={2020},
   month={Jul} }

@article{bhattacharya2021,
   title={Numerical bootstrap in quantum mechanics},
   volume={823},
   ISSN={0370-2693},
   url={http://dx.doi.org/10.1016/j.physletb.2021.136785},
   DOI={10.1016/j.physletb.2021.136785},
   journal={Physics Letters B},
   publisher={Elsevier BV},
   author={Bhattacharya, Jyotirmoy and Das, Diptarka and Das, Sayan Kumar and Jha, Ankit Kumar and Kundu, Moulindu},
   year={2021},
   month={Dec},
   pages={136785} }

@misc{kazakov2021analytic,
      title={Analytic and Numerical Bootstrap for One-Matrix Model and "Unsolvable" Two-Matrix Model}, 
      author={Vladimir Kazakov and Zechuan Zheng},
      year={2021},
      eprint={2108.04830},
      archivePrefix={arXiv},
      primaryClass={hep-th}
}

% Statistical

@article{prd2012ising,
   title={Solving the 3D Ising model with the conformal bootstrap},
   volume={86},
   ISSN={1550-2368},
   url={http://dx.doi.org/10.1103/PhysRevD.86.025022},
   DOI={10.1103/physrevd.86.025022},
   number={2},
   journal={Physical Review D},
   publisher={American Physical Society (APS)},
   author={El-Showk, Sheer and Paulos, Miguel F. and Poland, David and Rychkov, Slava and Simmons-Duffin, David and Vichi, Alessandro},
   year={2012},
   month={Jul} }

% Many-body
@misc{han_manybody,
      title={Quantum Many-body Bootstrap}, 
      author={Xizhi Han},
      year={2020},
      eprint={2006.06002},
      archivePrefix={arXiv},
      primaryClass={cond-mat.str-el}
}