@book{feynman2011feynman,
  title={The Feynman lectures on physics, Vol. I: The new millennium edition: mainly mechanics, radiation, and heat},
  author={Feynman, Richard P and Leighton, Robert B and Sands, Matthew},
  volume={1},
  year={2011},
  publisher={Basic books}
}
